@misc{ nikhileswar,
  title = "Nikhileswar's Project page",
  howpublished = {\href{http://www.cse.iitb.ac.in/~nikhileswar/project.html}}
  }
@misc{ basith,
  title = "Basith's Project page", 
  howpublished = {\href{http://www.cse.iitb.ac.in/~abdulbasith/project.html}}
  }
@misc{ pramod,
  title = "Pramod's Project page", 
  howpublished = {\href{http://www.cse.iitb.ac.in/~pramodv/project.html}}
  }
@misc{ goldberg,
  title = "Rube Goldberg", 
  howpublished = {\href{https://en.wikipedia.org/wiki/Rube_Goldberg}}
  }
@misc{ machine,
  title = "Rube Goldberg machine",
  howpublished = {\href{http://https://en.wikipedia.org/wiki/Rube_Goldberg_machine}}
  }
